@online{newtins,
  title="The Newton Institute for Life Between Lives Hypnotherapy",
  url="http://newtoninstitute.org"
}
@Book{newton2000destiny,
 author = {Newton, Michael},
 title = {Destiny of souls : new case studies of life between lives},
 publisher = {Llewellyn Publications},
 year = {2000},
 address = {St. Paul, Minn},
 isbn = {1567184995}
}
@Article{chilbolton,
  author="Richard Hoagland",
  title="The Chilbolton Crop Glyphs - A Message Finally Received - In Answer to
Carl Sagan?",
  url="http://www.bibliotecapleyades.net/circulos_cultivos/esp_circuloscultivos12.htm"
}
@Article{contact,
  title = "We Made Contact!",
  author = "Dustin D. Brand",
  url="http://www.bibliotecapleyades.net/vida_alien/alien_contact04.htm"
}
